%% This BibTeX bibliography file was created using BibDesk.
%% https://bibdesk.sourceforge.io/

%% Created for P O at 2022-04-02 12:52:38 -0700 


%% Saved with string encoding Unicode (UTF-8) 



@article{mcnab1995signal,
	author = {McNab, Rodger J and Smith, Lloyd A and Witten, Ian H},
	date-added = {2022-04-02 12:28:59 -0700},
	date-modified = {2022-04-02 12:28:59 -0700},
	publisher = {University of Waikato, Department of Computer Science},
	title = {Signal processing for melody transcription},
	year = {1995}}

@article{salamon2012melody,
	author = {Salamon, Justin and G{\'o}mez, Emilia},
	date-added = {2022-04-02 01:27:48 -0700},
	date-modified = {2022-04-02 01:27:48 -0700},
	journal = {IEEE transactions on audio, speech, and language processing},
	number = {6},
	pages = {1759--1770},
	publisher = {IEEE},
	title = {Melody extraction from polyphonic music signals using pitch contour characteristics},
	volume = {20},
	year = {2012}}

@inproceedings{bogdanov2013essentia,
	author = {Bogdanov, Dmitry and Wack, Nicolas and G{\'o}mez Guti{\'e}rrez, Emilia and Gulati, Sankalp and Boyer, Herrera and Mayor, Oscar and Roma Trepat, Gerard and Salamon, Justin and Zapata Gonz{\'a}lez, Jos{\'e} Ricardo and Serra, Xavier and others},
	booktitle = {Britto A, Gouyon F, Dixon S, editors. 14th Conference of the International Society for Music Information Retrieval (ISMIR); 2013 Nov 4-8; Curitiba, Brazil.[place unknown]: ISMIR; 2013. p. 493-8.},
	date-added = {2022-04-01 23:05:26 -0700},
	date-modified = {2022-04-01 23:05:26 -0700},
	organization = {International Society for Music Information Retrieval (ISMIR)},
	title = {Essentia: An audio analysis library for music information retrieval},
	year = {2013}}
